@article{Larkoski:2014wba,
      author         = "Larkoski, Andrew J. and Marzani, Simone and Soyez,
                        Gregory and Thaler, Jesse",
      title          = "{Soft Drop}",
      journal        = "JHEP",
      volume         = "05",
      year           = "2014",
      pages          = "146",
      doi            = "10.1007/JHEP05(2014)146",
      eprint         = "1402.2657",
      archivePrefix  = "arXiv",
      primaryClass   = "hep-ph",
      reportNumber   = "MIT-CTP-4531, DCPT-14-24, IPPP-14-12",
      SLACcitation   = "%%CITATION = ARXIV:1402.2657;%%"
}

@article{Dasgupta:2013ihk,
      author         = "Dasgupta, Mrinal and Fregoso, Alessandro and Marzani,
                        Simone and Salam, Gavin P.",
      title          = "{Towards an understanding of jet substructure}",
      journal        = "JHEP",
      volume         = "09",
      year           = "2013",
      pages          = "029",
      doi            = "10.1007/JHEP09(2013)029",
      eprint         = "1307.0007",
      archivePrefix  = "arXiv",
      primaryClass   = "hep-ph",
      reportNumber   = "CERN-PH-TH-2013-145, DCPT-13-86, IPPP-13-43, LPN13-036,
                        MAN-HEP-2013-12",
      SLACcitation   = "%%CITATION = ARXIV:1307.0007;%%"
}

@article{Dasgupta:2013via,
      author         = "Dasgupta, Mrinal and Fregoso, Alessandro and Marzani,
                        Simone and Powling, Alexander",
      title          = "{Jet substructure with analytical methods}",
      journal        = "Eur. Phys. J.",
      volume         = "C73",
      year           = "2013",
      number         = "11",
      pages          = "2623",
      doi            = "10.1140/epjc/s10052-013-2623-3",
      eprint         = "1307.0013",
      archivePrefix  = "arXiv",
      primaryClass   = "hep-ph",
      reportNumber   = "DCPT-13-88, IPPP-13-44, MAN-HEP-2013-11",
      SLACcitation   = "%%CITATION = ARXIV:1307.0013;%%"
}

@article{Frye:2016okc,
      author         = "Frye, Christopher and Larkoski, Andrew J. and Schwartz,
                        Matthew D. and Yan, Kai",
      title          = "{Precision physics with pile-up insensitive observables}",
      year           = "2016",
      eprint         = "1603.06375",
      archivePrefix  = "arXiv",
      primaryClass   = "hep-ph",
      SLACcitation   = "%%CITATION = ARXIV:1603.06375;%%"
}


@article{Frye:2016aiz,
      author         = "Frye, Christopher and Larkoski, Andrew J. and Schwartz,
                        Matthew D. and Yan, Kai",
      title          = "{Factorization for groomed jet substructure beyond the
                        next-to-leading logarithm}",
      journal        = "JHEP",
      volume         = "07",
      year           = "2016",
      pages          = "064",
      doi            = "10.1007/JHEP07(2016)064",
      eprint         = "1603.09338",
      archivePrefix  = "arXiv",
      primaryClass   = "hep-ph",
      SLACcitation   = "%%CITATION = ARXIV:1603.09338;%%"
}


@article{Marzani:2017mva,
      author         = "Marzani, Simone and Schunk, Lais and Soyez, Gregory",
      title          = "{A study of jet mass distributions with grooming}",
      year           = "2017",
      eprint         = "1704.02210",
      archivePrefix  = "arXiv",
      primaryClass   = "hep-ph",
      SLACcitation   = "%%CITATION = ARXIV:1704.02210;%%"
}

@article{Olive:2016xmw,
      author         = "Patrignani, C. and others",
      title          = "{Review of Particle Physics}",
      collaboration  = "Particle Data Group",
      journal        = "Chin. Phys.",
      volume         = "C40",
      year           = "2016",
      number         = "10",
      pages          = "100001",
      doi            = "10.1088/1674-1137/40/10/100001",
      SLACcitation   = "%%CITATION = CHPHD,C40,100001;%%"
}

@article{Cacciari:2008gp,
      author         = "Cacciari, Matteo and Salam, Gavin P. and Soyez, Gregory",
      title          = "{The Anti-k(t) jet clustering algorithm}",
      journal        = "JHEP",
      volume         = "04",
      year           = "2008",
      pages          = "063",
      doi            = "10.1088/1126-6708/2008/04/063",
      eprint         = "0802.1189",
      archivePrefix  = "arXiv",
      primaryClass   = "hep-ph",
      reportNumber   = "LPTHE-07-03",
      SLACcitation   = "%%CITATION = ARXIV:0802.1189;%%"
}


@article{Cacciari:2011ma,
      author         = "Cacciari, Matteo and Salam, Gavin P. and Soyez, Gregory",
      title          = "{FastJet User Manual}",
      journal        = "Eur. Phys. J.",
      volume         = "C72",
      year           = "2012",
      pages          = "1896",
      doi            = "10.1140/epjc/s10052-012-1896-2",
      eprint         = "1111.6097",
      archivePrefix  = "arXiv",
      primaryClass   = "hep-ph",
      reportNumber   = "CERN-PH-TH-2011-297",
      SLACcitation   = "%%CITATION = ARXIV:1111.6097;%%"
}


@article{Abdesselam:2010pt,
      author         = "Abdesselam, A. and others",
      title          = "{Boosted objects: A Probe of beyond the Standard Model
                        physics}",
      booktitle      = "{Boost 2010 Oxford, United Kingdom, June 22-25, 2010}",
      journal        = "Eur. Phys. J.",
      volume         = "C71",
      year           = "2011",
      pages          = "1661",
      doi            = "10.1140/epjc/s10052-011-1661-y",
      eprint         = "1012.5412",
      archivePrefix  = "arXiv",
      primaryClass   = "hep-ph",
      reportNumber   = "SLAC-PUB-15081, FERMILAB-PUB-10-617-CMS",
      SLACcitation   = "%%CITATION = ARXIV:1012.5412;%%"
}


@article{Altheimer:2012mn,
      author         = "Altheimer, A. and others",
      title          = "{Jet Substructure at the Tevatron and LHC: New results,
                        new tools, new benchmarks}",
      booktitle      = "{BOOST 2011 Princeton , NJ, USA, 22â€“26 May 2011}",
      journal        = "J. Phys.",
      volume         = "G39",
      year           = "2012",
      pages          = "063001",
      doi            = "10.1088/0954-3899/39/6/063001",
      eprint         = "1201.0008",
      archivePrefix  = "arXiv",
      primaryClass   = "hep-ph",
      reportNumber   = "SLAC-R-990, FERMILAB-PUB-12-897-T",
      SLACcitation   = "%%CITATION = ARXIV:1201.0008;%%"
}

@article{Altheimer:2013yza,
      author         = "Altheimer, A. and others",
      title          = "{Boosted objects and jet substructure at the LHC. Report
                        of BOOST2012, held at IFIC Valencia, 23rd-27th of July
                        2012}",
      booktitle      = "{BOOST 2012 Valencia, Spain, July 23-27, 2012}",
      journal        = "Eur. Phys. J.",
      volume         = "C74",
      year           = "2014",
      number         = "3",
      pages          = "2792",
      doi            = "10.1140/epjc/s10052-014-2792-8",
      eprint         = "1311.2708",
      archivePrefix  = "arXiv",
      primaryClass   = "hep-ex",
      reportNumber   = "FERMILAB-PUB-13-669",
      SLACcitation   = "%%CITATION = ARXIV:1311.2708;%%"
}

@article{Adams:2015hiv,
      author         = "Adams, D. and others",
      title          = "{Towards an Understanding of the Correlations in Jet
                        Substructure}",
      journal        = "Eur. Phys. J.",
      volume         = "C75",
      year           = "2015",
      number         = "9",
      pages          = "409",
      doi            = "10.1140/epjc/s10052-015-3587-2",
      eprint         = "1504.00679",
      archivePrefix  = "arXiv",
      primaryClass   = "hep-ph",
      SLACcitation   = "%%CITATION = ARXIV:1504.00679;%%"
}

@article{Butterworth:2008iy,
      author         = "Butterworth, Jonathan M. and Davison, Adam R. and Rubin,
                        Mathieu and Salam, Gavin P.",
      title          = "{Jet substructure as a new Higgs search channel at the
                        LHC}",
      journal        = "Phys. Rev. Lett.",
      volume         = "100",
      year           = "2008",
      pages          = "242001",
      doi            = "10.1103/PhysRevLett.100.242001",
      eprint         = "0802.2470",
      archivePrefix  = "arXiv",
      primaryClass   = "hep-ph",
      SLACcitation   = "%%CITATION = ARXIV:0802.2470;%%"
}

@article{Ellis:2009su,
      author         = "Ellis, Stephen D. and Vermilion, Christopher K. and
                        Walsh, Jonathan R.",
      title          = "{Techniques for improved heavy particle searches with jet
                        substructure}",
      journal        = "Phys. Rev.",
      volume         = "D80",
      year           = "2009",
      pages          = "051501",
      doi            = "10.1103/PhysRevD.80.051501",
      eprint         = "0903.5081",
      archivePrefix  = "arXiv",
      primaryClass   = "hep-ph",
      SLACcitation   = "%%CITATION = ARXIV:0903.5081;%%"
}

@article{Ellis:2009me,
      author         = "Ellis, Stephen D. and Vermilion, Christopher K. and
                        Walsh, Jonathan R.",
      title          = "{Recombination Algorithms and Jet Substructure: Pruning
                        as a Tool for Heavy Particle Searches}",
      journal        = "Phys. Rev.",
      volume         = "D81",
      year           = "2010",
      pages          = "094023",
      doi            = "10.1103/PhysRevD.81.094023",
      eprint         = "0912.0033",
      archivePrefix  = "arXiv",
      primaryClass   = "hep-ph",
      SLACcitation   = "%%CITATION = ARXIV:0912.0033;%%"
}

@article{Krohn:2009th,
      author         = "Krohn, David and Thaler, Jesse and Wang, Lian-Tao",
      title          = "{Jet Trimming}",
      journal        = "JHEP",
      volume         = "02",
      year           = "2010",
      pages          = "084",
      doi            = "10.1007/JHEP02(2010)084",
      eprint         = "0912.1342",
      archivePrefix  = "arXiv",
      primaryClass   = "hep-ph",
      SLACcitation   = "%%CITATION = ARXIV:0912.1342;%%"
}

@article{Larkoski:2013paa,
      author         = "Larkoski, Andrew J. and Thaler, Jesse",
      title          = "{Unsafe but Calculable: Ratios of Angularities in
                        Perturbative QCD}",
      journal        = "JHEP",
      volume         = "09",
      year           = "2013",
      pages          = "137",
      doi            = "10.1007/JHEP09(2013)137",
      eprint         = "1307.1699",
      archivePrefix  = "arXiv",
      primaryClass   = "hep-ph",
      reportNumber   = "MIT-CTP-4472, MIT--CTP-4472",
      SLACcitation   = "%%CITATION = ARXIV:1307.1699;%%"
}

@article{Larkoski:2015lea,
      author         = "Larkoski, Andrew J. and Marzani, Simone and Thaler,
                        Jesse",
      title          = "{Sudakov Safety in Perturbative QCD}",
      journal        = "Phys. Rev.",
      volume         = "D91",
      year           = "2015",
      number         = "11",
      pages          = "111501",
      doi            = "10.1103/PhysRevD.91.111501",
      eprint         = "1502.01719",
      archivePrefix  = "arXiv",
      primaryClass   = "hep-ph",
      reportNumber   = "MIT-CTP-4638",
      SLACcitation   = "%%CITATION = ARXIV:1502.01719;%%"
}

@inproceedings{Wobisch:1998wt,
      author         = "Wobisch, M. and Wengler, T.",
      title          = "{Hadronization corrections to jet cross-sections in deep
                        inelastic scattering}",
      booktitle      = "{Monte Carlo generators for HERA physics. Proceedings,
                        Workshop, Hamburg, Germany, 1998-1999}",
      url            = "http://inspirehep.net/record/484872/files/arXiv:hep-ph_9907280.pdf",
      year           = "1998",
      pages          = "270-279",
      eprint         = "hep-ph/9907280",
      archivePrefix  = "arXiv",
      primaryClass   = "hep-ph",
      reportNumber   = "PITHA-99-16",
      SLACcitation   = "%%CITATION = HEP-PH/9907280;%%"
}

@article{Dokshitzer:1997in,
      author         = "Dokshitzer, Yuri L. and Leder, G. D. and Moretti, S. and
                        Webber, B. R.",
      title          = "{Better jet clustering algorithms}",
      journal        = "JHEP",
      volume         = "08",
      year           = "1997",
      pages          = "001",
      doi            = "10.1088/1126-6708/1997/08/001",
      eprint         = "hep-ph/9707323",
      archivePrefix  = "arXiv",
      primaryClass   = "hep-ph",
      reportNumber   = "CAVENDISH-HEP-97-06",
      SLACcitation   = "%%CITATION = HEP-PH/9707323;%%"
}
